% This file was created with JabRef 2.3b2.
% Encoding: Cp1252

@ARTICLE{fimo,
  author = {Charles E. Grant and Timothy L. Bailey and William Stafford Nobel},
  title = {{FIMO: Scanning for occurrences of a given motif.}},
  journal = {Bioinformatics},
  year = {2011},
  volume = {7},
  pages = {1017},
  doi = {10.1093/bioinformatics/btr064},
  institution = {Department of Mathematics and Computer Science, Free University Berlin,
    Berlin, Germany. mbauer@inf.fu-berlin.de},
  keywords = {Algorithms; Computer Simulation; Linear Models; Models, Chemical;
    Models, Genetic; RNA; Sensitivity and Specificity; Sequence Alignment;
    Sequence Analysis, RNA; Sequence Homology, Nucleic Acid},
  url = {http://www.ncbi.nlm.nih.gov/pubmed/21330290}
}

@ARTICLE{isample,
author={Chan, Hock Peng and Nancy Ruonan Zhang and Louis H.Y. Chen},
title={{Importance Sampling of Word Patterns in DNA and Protein Sequences.}},
journal={Journal of Computational Biology},
year={2010},
volume={17},
number={12},
pages={1697â€“1709},
doi={10.1089/cmb.2008.0233}
}

@ARTICLE{is-rsnp,
author={Geoff Macintyre and James Bailey and Izhak Haviv and Adam Kowalczyk},
  title = {{is-rSNP: a novel technique for in silico regulatory SNP detection.}},
  journal = {Bioinformatics},
  year = {2010},
  volume = {26},
  pages = {524-530},
  number = {18}
}

@ARTICLE{rsnp-mapper,
title={{Large-scale computational identification of regulatory SNPs with rSNP-MAPPER.}},
author={Alberto Riva},
journal={BMC Genomics},
year={2012},
volume={13 Supplement 4}
}

@ARTICLE{MEME,
author={Timothy L. Bailey and Mikael Boden and Fabian A. Buske and Martin Frith and Charles E. Grant and Luca Clementi and Jingyuan Ren and Wilfred W. Li and William S. Noble}, 
title={{MEME SUITE: tools for motif discovery and searching}}, 
journal={Nucleic Acids Research},
volume={37},
pages={W202-W208},
year={2009}
}
